<?xml version="1.0" encoding="UTF-8"?><collection xmlns="http://www.loc.gov/MARC21/slim"><record><leader>00352nam--2200121-i-4500</leader><controlfield tag="001">000039834</controlfield><controlfield tag="002">20161230</controlfield><controlfield tag="005">20161230201042</controlfield><controlfield tag="008">060222s1000------------r-----000-0-eng-d</controlfield><datafield ind1=" " ind2=" " tag="100"><subfield code="a">Ruckenstein,E. Si E.M.Friedlander</subfield></datafield><datafield ind1=" " ind2=" " tag="245"><subfield code="a">On a posible model for the nucleon cascade at moderate energies</subfield></datafield><datafield ind1=" " ind2=" " tag="260"><subfield code="a">Bucuresti, Acad.Rpr, 1956. 6 P.Lito</subfield></datafield><datafield ind1=" " ind2=" " tag="852"><subfield code="a">4737</subfield></datafield></record></collection>